
@misc{Authors14,
 author = {Authors},
 title = {The frobnicatable foo filter},
 note = {Face and Gesture  submission ID 324. Supplied as additional material {\tt fg324.pdf}},
 year = 2014
}

@misc{Authors14b,
 author = {Authors},
 title = {Frobnication tutorial},
 note = {Supplied as additional material {\tt tr.pdf}},
 year = 2014
}

@article{howdohumans,
author = {Mathias Eitz, James Hays, Marc Alexa},
title = {How Do Humans Sketch Objects?},
journal = {ACM Trans. Graph},
volume = 31, 
number = 4, 
pages = {1--10}, 
year = 2012
}

@article{deepSketchSmartPhone,
author = {Emel Boyaci and Mustafa Sert},
title = {Feature-level Fusion of Deep Convolutional Neural Networks for Sketch Recognition on Smart Phones},
journal = {IEEE International Conference on Consumer Electronics (ICCE) },
year = 2017
}

@article{SYM-FISH,
author = {Xiaochun Cao, Hua Zhang, Si Liu, Xiaojie Guo, Liang Lin},
title = {SYM-FISH: A Symmetry-aware Flip Invariant Sketch Histogram Shape Descriptor},
journal = {ICCV},
pages = {313--330}, 
year = 2013
}
@article{SketchShoe,
	author = {Quian Yu, Feng Liu, Yi-Zhe Song, Tiao Xiang, Timothy M. Hospedales, Chen Change Loy},
	title = {Sketch Me That Shoe},
	journal = {CVPR},
	pages = {800--807}, 
	year = 2016
}
@article{DeepSketch2,
	author = {Omar Seddati, Stephane Dupont, Said Mahmoudi},
	title = {Deep Sketch 2: Deep Convolutional Neural Networks for Partial Sketch Recognition},
	journal = {IEEE},
	year = 2016
}

@article{multiKernel,
	author = {Omar Seddati, Stephane Dupont, Said Mahmoudi},
	title = {Free-hand sketch recognition by multi-kernel feature learning},
	journal = {Computer Vision and Image Understanding},
	year = 2015
	volume = 137, 
	number = C, 
	pages = {1--11}, 
	year = 2015
}

@article{method1,
	author = {Su H, Maji S, Kalogerakis E, Learned-Miller E},
	title = {Multiview Convolutional Neural Networks for 3D Shape Recognition},
	journal = {ICCV},
	year = 2015
}
@article{method2,
	author = {Qi C, Su H, Niessner M, Dai A, Yan M, Guibas LJ.},
	title = {Volumetric and Multi-View CNNs for Object Classification on 3D Data},
	journal = {CVPR},
	year = 2016
}
@article{method3,
	author = {Schoer R, Huval B, Bhat B, Manning CD, Andrew Y. Ng},
	title = {Convolutional-Recursive Deep Learning for 3D Object Classification},
	journal = {NIPS},
	year = 2013
}